@article{Newell2018,
  author  = {Newell, D. B. and Cabiati, F. and Fischer, J. and Fujii, K. and Karshenboim, S. G. and Margolis, H. S. and others},
  title   = {The CODATA 2017 values of h, e, k, and N\(_A\) for the revision of the SI},
  journal = {Metrologia},
  volume  = {55},
  number  = {1},
  pages   = {L13--L16},
  year    = {2018},
  doi     = {10.1088/1681-7575/aa950a},
  url     = {https://doi.org/10.1088/1681-7575/aa950a}
}

@misc{Boeglin2024,
  author = {Boeglin, Werner},
  title = {Modern Lab Manual: Electron Charge to Mass Ratio},
  year = {2024},
  howpublished = {\url{https://wanda.fiu.edu/boeglinw/courses/Modern_lab_manual3/em_ratio.html}},
  note = {Accessed: 01/24/24}
}

